% this is a citation for a book
@book{MJ12,
editor = {Michael P. Johnson},
title = {Community-Based Operations Research: Decision Modeling for Local Impact and Diverse Populations},
series = {International Series in Operations Research \& Management Science}, 
volume = {167}, 
publisher = {Springer}, 
address = {New York},
year = {2012}
}

@book{FHGL,
author = {Frederick S. Hillier and Gerald J. Lieberman},
title = {Introduction to Operations Research},
edition = {Ninth},
publisher = {McGraw Hill},
address = {New York},
year = {2010}
}
% a citation for an arxiv preprint
@article{SBHM,
author={Steve M. Bajgier and Hazem D. Maragah and Michael S. Saccucci and Andrew Verzilli and Victor R. Prybutok},
title = {Introducing Students to Community Operations Research by Using a City Neighborhood as a Living Laboratory},
journal = {Operations Research},
volume = {37},
number = {5},
year = {1991}
}
% or you could use: \url{http://arxiv.org/abs/math/0604405}


