@incollection {
	bogota,
	author = "Jorge A. Sefair and Adriana Molano and Andr\'{e}s L. Medaglia and Olga L. Sarmiento",
    title = "Locating Neighborhood Parks with a Lexicographic Multiobjective Optimization Method",
    booktitle = "Community Based Operations Research",
    note = "Decision Modeling for Local Impact and Diverse Populations",
    editor = "Michael P. Johnson",
	volume = "167",
    publisher = "Springer",
    year = "2012",
	series = "International Series in Operations Research \& Management Science"
},

@book {	
	us-army,
	title = "History of Operations Research in the United States Army, V. I: 1942-62",
	author = "Charles R. Shrader",
	publisher = "Defense Dept., Army, Office of the Deputy Under Secretary for Operations Research",
	year = "2006"
},
@book {
	intro-or,
    AUTHOR = {Hillier, Frederick S. and Lieberman, Gerald J.},
     TITLE = {Introduction to operations research},
   EDITION = {Ninth},
 PUBLISHER = {McGraw Hill},
      YEAR = {2010},
      ISBN = {978-0-07-337629-5},
},
@book {
	community-or,
     TITLE = {Community-Based Operations Research},
    SERIES = {International Series in Operations Research \& Management
              Science},
    VOLUME = {167},
    EDITOR = {Johnson, Michael P.},
      NOTE = {Decision Modeling for Local Impact and Diverse Populations},
 PUBLISHER = {Springer},
      YEAR = {2012},
      ISBN = {978-1-4614-0805-5; 978-1-4614-0806-2}
},
@book{
	socialist-planning, 
	place = {Cambridge}, 
	edition = {3}, 
	title = {Socialist Planning}, 
	DOI = {10.1017/CBO9781139871341}, 
	publisher = {Cambridge University Press}, 
	author = {Michael Ellman}, 
	year = {2014}
},
@book{
	planning-problems,
	place = {Cambridge},
	title = {Planning Problems in the USSR; the Contribution of Mathematical Economics to their Solution 1960-1971},
	author = {Michael Ellman},
	publisher = {Cambridge University Press},
	year = {1973}
},
@book{
	or-timeline,
	title = {An Annotated Timeline of Operations Research: An Informal History},
	place = {New York},
	author = {Saul I. Gass and Arjang Assad},
	publisher = {Springer Science \& Business Media},
	year = {2005},
	ISBN = {9781402081125}
},
@inproceedings{
	pareto-mo,
	author = {Patrick Ngatchou and Anahita Zarei and M.A. El-Sharkawi},
	title = {Pareto Multi Objective Optimization},
	year = {2005},
	booktitle = {Proceedings of the 13th International Conference on Intelligent Systems Application to Power Systems}

}